@book{karwin2010sql,
  title={SQL antipatterns: avoiding the pitfalls of database programming},
  author={Karwin, Bill},
  year={2010},
  publisher={Pragmatic Bookshelf}
}
@inproceedings{palma2015restful,
  title={Are RESTful APIs well-designed? Detection of their linguistic (anti) patterns},
  author={Palma, Francis and Gonzalez-Huerta, Javier and Moha, Naouel and Gu{\'e}h{\'e}neuc, Yann-Ga{\"e}l and Tremblay, Guy},
  booktitle={International Conference on Service-Oriented Computing},
  pages={171--187},
  year={2015},
  organization={Springer}
}
@article{palomba2015anti,
  title={Anti-Pattern Detection: Methods, Challenges, and Open Issues.},
  author={Palomba, Fabio and De Lucia, Andrea and Bavota, Gabriele and Oliveto, Rocco},
  journal={Advances in Computers},
  volume={95},
  pages={201--238},
  year={2015}
}
@article{arnaoudova2016linguistic,
  title={Linguistic antipatterns: What they are and how developers perceive them},
  author={Arnaoudova, Venera and Di Penta, Massimiliano and Antoniol, Giuliano},
  journal={Empirical Software Engineering},
  volume={21},
  number={1},
  pages={104--158},
  year={2016},
  publisher={Springer}
}
@book{arnaoudova2010defining,
  title={Defining Linguistic Antipatterns Towards the Improvement of Source Code Quality},
  author={Arnaoudova, Venera},
  year={2010}
}
@inproceedings{arnaoudova2013new,
  title={A new family of software anti-patterns: Linguistic anti-patterns},
  author={Arnaoudova, Venera and Di Penta, Massimiliano and Antoniol, Giuliano and Gueheneuc, Yann-Gael},
  booktitle={Software Maintenance and Reengineering (CSMR), 2013 17th European Conference on},
  pages={187--196},
  year={2013},
  organization={IEEE}
}
@book{brown1998antipatterns,
  title={AntiPatterns: refactoring software, architectures, and projects in crisis},
  author={Brown, William H and Malveau, Raphael C and McCormick, Hays W and Mowbray, Thomas J},
  year={1998},
  publisher={John Wiley \& Sons, Inc.}
}
@misc{fredrich2012restful,
  title={Restful service best practices},
  author={Fredrich, Todd},
  year={2012},
  publisher={Pearson eCollege}
}
@book{masse2011rest,
  title={REST API Design Rulebook: Designing Consistent RESTful Web Service Interfaces},
  author={Masse, Mark},
  year={2011},
  publisher={" O'Reilly Media, Inc."}
}

@article{masinter2005uniform,
  title={Uniform resource identifier (URI): Generic syntax},
  author={Masinter, Larry and Berners-Lee, Tim and Fielding, Roy T},
  year={2005}
}
@article{tilkov2008rest,
  title={REST Anti-Patterns},
  author={Tilkov, Stefan},
  journal={InfoQ Article (July 2008)},
  year={2008}
}
@inproceedings{mantyla2003taxonomy,
  title={A taxonomy and an initial empirical study of bad smells in code},
  author={Mantyla, Mika and Vanhanen, Jari and Lassenius, Casper},
  booktitle={Software Maintenance, 2003. ICSM 2003. Proceedings. International Conference on},
  pages={381--384},
  year={2003},
  organization={IEEE}
}
@inproceedings{abebe2009lexicon,
  title={Lexicon bad smells in software},
  author={Abebe, Surafel Lemma and Haiduc, Sonia and Tonella, Paolo and Marcus, Andrian},
  booktitle={Reverse Engineering, 2009. WCRE'09. 16th Working Conference on},
  pages={95--99},
  year={2009},
  organization={IEEE}
}
@inproceedings{haiduc2008use,
  title={On the use of domain terms in source code},
  author={Haiduc, Sonia and Marcus, Andrian},
  booktitle={Program Comprehension, 2008. ICPC 2008. The 16th IEEE International Conference on},
  pages={113--122},
  year={2008},
  organization={IEEE}
}
@inproceedings{butler2009relating,
  title={Relating identifier naming flaws and code quality: An empirical study},
  author={Butler, Simon and Wermelinger, Michel and Yu, Yijun and Sharp, Helen},
  booktitle={Reverse Engineering, 2009. WCRE'09. 16th Working Conference on},
  pages={31--35},
  year={2009},
  organization={IEEE}
}
@book{alexander1977pattern,
  title={A pattern language: towns, buildings, construction},
  author={Alexander, Christopher},
  year={1977},
  publisher={Oxford university press}
}
@article{vlissides1995design,
  title={Design patterns: Elements of reusable object-oriented software},
  author={Vlissides, John and Helm, Richard and Johnson, Ralph and Gamma, Erich},
  journal={Reading: Addison-Wesley},
  volume={49},
  number={120},
  pages={11},
  year={1995}
}
@article{moha2010decor,
  title={Decor: A method for the specification and detection of code and design smells},
  author={Moha, Naouel and Gueheneuc, Yann-Gael and Duchien, Laurence and Le Meur, Anne-Francoise},
  journal={IEEE Transactions on Software Engineering},
  volume={36},
  number={1},
  pages={20--36},
  year={2010},
  publisher={IEEE}
}
@inproceedings{travassos1999detecting,
  title={Detecting defects in object-oriented designs: using reading techniques to increase software quality},
  author={Travassos, Guilherme and Shull, Forrest and Fredericks, Michael and Basili, Victor R},
  booktitle={ACM Sigplan Notices},
  volume={34},
  number={10},
  pages={47--56},
  year={1999},
  organization={ACM}
}
@inproceedings{marinescu2004detection,
  title={Detection strategies: Metrics-based rules for detecting design flaws},
  author={Marinescu, Radu},
  booktitle={Software Maintenance, 2004. Proceedings. 20th IEEE International Conference on},
  pages={350--359},
  year={2004},
  organization={IEEE}
}
@inproceedings{munro2005product,
  title={Product metrics for automatic identification of" bad smell" design problems in java source-code},
  author={Munro, Matthew James},
  booktitle={Software Metrics, 2005. 11th IEEE International Symposium},
  pages={15--15},
  year={2005},
  organization={IEEE}
}
@inproceedings{alikacem2009metric,
  title={A metric extraction framework based on a high-level description language},
  author={Alikacem, El Hachemi and Sahraoui, Houari A},
  booktitle={Source Code Analysis and Manipulation, 2009. SCAM'09. Ninth IEEE International Working Conference on},
  pages={159--167},
  year={2009},
  organization={IEEE}
}
@inproceedings{dhambri2008visual,
  title={Visual detection of design anomalies},
  author={Dhambri, Karim and Sahraoui, Houari and Poulin, Pierre},
  booktitle={Software Maintenance and Reengineering, 2008. CSMR 2008. 12th European Conference on},
  pages={279--283},
  year={2008},
  organization={IEEE}
}
@inproceedings{simon2001metrics,
  title={Metrics based refactoring},
  author={Simon, Frank and Steinbruckner, Frank and Lewerentz, Claus},
  booktitle={Software Maintenance and Reengineering, 2001. Fifth European Conference on},
  pages={30--38},
  year={2001},
  organization={IEEE}
}
@inproceedings{langelier2005visualization,
  title={Visualization-based analysis of quality for large-scale software systems},
  author={Langelier, Guillaume and Sahraoui, Houari and Poulin, Pierre},
  booktitle={Proceedings of the 20th IEEE/ACM international Conference on Automated software engineering},
  pages={214--223},
  year={2005},
  organization={ACM}
}
@book{lanza2007object,
  title={Object-oriented metrics in practice: using software metrics to characterize, evaluate, and improve the design of object-oriented systems},
  author={Lanza, Michele and Marinescu, Radu},
  year={2007},
  publisher={Springer Science \& Business Media}
}
@inproceedings{van2002java,
  title={Java quality assurance by detecting code smells},
  author={Van Emden, Eva and Moonen, Leon},
  booktitle={Reverse Engineering, 2002. Proceedings. Ninth Working Conference on},
  pages={97--106},
  year={2002},
  organization={IEEE}
}
@article{garlan1995architectural,
  title={Architectural mismatch: Why reuse is so hard},
  author={Garlan, David and Allen, Robert and Ockerbloom, John},
  journal={IEEE software},
  volume={12},
  number={6},
  pages={17--26},
  year={1995},
  publisher={IEEE}
}
@article{allen1997formal,
  title={A formal basis for architectural connection},
  author={Allen, Robert and Garlan, David},
  journal={ACM Transactions on Software Engineering and Methodology (TOSEM)},
  volume={6},
  number={3},
  pages={213--249},
  year={1997},
  publisher={ACM}
}
@article{dashofy2005comprehensive,
  title={A comprehensive approach for the development of modular software architecture description languages},
  author={Dashofy, Eric M and Hoek, Andr{\'e} van der and Taylor, Richard N},
  journal={ACM Transactions on Software Engineering and Methodology (TOSEM)},
  volume={14},
  number={2},
  pages={199--245},
  year={2005},
  publisher={ACM}
}
@inproceedings{abebe2012can,
  title={Can lexicon bad smells improve fault prediction?},
  author={Abebe, Surafel Lemma and Arnaoudova, Venera and Tonella, Paolo and Antoniol, Giuliano and Gueheneuc, Yann-Gael},
  booktitle={Reverse Engineering (WCRE), 2012 19th Working Conference on},
  pages={235--244},
  year={2012},
  organization={IEEE}
}
